
% Ссылка для соединения 10
@article{mcalduff1979photoelectron,
  title={Photoelectron spectra of some aromatic mono-and di-ketones},
  author={McAlduff, EJ and Bunbury, DL},
  journal={Journal of Electron Spectroscopy and Related Phenomena},
  volume={17},
  number={2},
  pages={81--89},
  year={1979},
  publisher={Elsevier}
}

% Ссылка для соединения 9 и 8
@article{evans1972study,
  title={Study of the metal-oxygen bond in simple tris-chelate complexes by He (I) photoelectron spectroscopy},
  author={Evans, S and Hamnett, A and Orchard, AF and Lloyd, DR},
  journal={Faraday Discussions of the Chemical Society},
  volume={54},
  pages={227--250},
  year={1972},
  publisher={Royal Society of Chemistry}
}
% Ссылка для соединения 7, 6 и 5
@article{joergensen1981electronic,
  title={The electronic structure of. beta.-thioxoketones. A photoelectron spectroscopic study of the enol-enethiol tautomerism of thioacetylacetone and related compounds},
  author={Joergensen, Flemming S and Carlsen, Lars and Duus, Fritz},
  journal={Journal of the American Chemical Society},
  volume={103},
  number={6},
  pages={1350--1353},
  year={1981},
  publisher={ACS Publications}
}

% Ссылка бета-дикетоны редкоземельных металлов
@article{lutoshkin2021interaction,
  title={Interaction of Rare-Earth Metals and Some Perfluorinated $\beta$-Diketones},
  author={Lutoshkin, Maxim A and Petrov, Alexander I and Malyar, Yuriy N and Kazachenko, Alexandr S},
  year={2021},
  journal={Inorganic Chemistry},
  publisher={ACS Publications}
}
% Ссылка Фотоника
@article{zolotareva2013beta,
  title={$\beta$-Diketones and their derivatives in sol--gel processes},
  author={Zolotareva, NV and Semenov, Vladimir Viktorovich},
  journal={Russian Chemical Reviews},
  volume={82},
  number={10},
  pages={964},
  year={2013},
  publisher={IOP Publishing}
}
@article{sasabe2017unique,
  title={Unique Solid-State Emission Behavior of Aromatic Difluoroboronated $\beta$-Diketones as an Emitter in Organic Light-Emitting Devices},
  author={Sasabe, Hisahiro and Sasaki, Kanako and Mamiya, Michitaka and Suwa, Yurie and Watanabe, Taiki and Onuma, Natsuki and Nakao, Kohei and Yamaji, Minoru and Kido, Junji},
  journal={Chemistry--An Asian Journal},
  volume={12},
  number={17},
  pages={2299--2303},
  year={2017},
  publisher={Wiley Online Library}
}


% Ссылка сенсорика
@article{lavis2014bright,
  title={Bright building blocks for chemical biology},
  author={Lavis, Luke D and Raines, Ronald T},
  journal={ACS chemical biology},
  volume={9},
  number={4},
  pages={855--866},
  year={2014},
  publisher={ACS Publications}
}
% Ссылки биомедицина
@article{wang2021multi,
  title={Multi-Stimuli Responsive Luminescent $\beta$-Diketones and Difluoroboron Complexes with Heterocyclic Substituents},
  author={Wang, Fang and Song, Daniel and Dickie, Diane A and Fraser, Cassandra L},
  journal={Journal of Fluorescence},
  volume={31},
  number={1},
  pages={39--49},
  year={2021},
  publisher={Springer}
}
@article{lavis2008bright,
  title={Bright ideas for chemical biology},
  author={Lavis, Luke D and Raines, Ronald T},
  journal={ACS chemical biology},
  volume={3},
  number={3},
  pages={142--155},
  year={2008},
  publisher={ACS Publications}
}
@article{klymchenko2017solvatochromic,
  title={Solvatochromic and fluorogenic dyes as environment-sensitive probes: design and biological applications},
  author={Klymchenko, Andrey S},
  journal={Accounts of chemical research},
  volume={50},
  number={2},
  pages={366--375},
  year={2017},
  publisher={ACS Publications}
}
@article{grabowski2003structural,
  title={Structural changes accompanying intramolecular electron transfer: focus on twisted intramolecular charge-transfer states and structures},
  author={Grabowski, Zbigniew R and Rotkiewicz, Krystyna and Rettig, Wolfgang},
  journal={Chemical reviews},
  volume={103},
  number={10},
  pages={3899--4032},
  year={2003},
  publisher={ACS Publications}
}
@article{kucherak2010switchable,
  title={Switchable nile red-based probe for cholesterol and lipid order at the outer leaflet of biomembranes},
  author={Kucherak, Oleksandr A and Oncul, Sule and Darwich, Zeinab and Yushchenko, Dmytro A and Arntz, Youri and Didier, Pascal and M{\'e}ly, Yves and Klymchenko, Andrey S},
  journal={Journal of the American Chemical Society},
  volume={132},
  number={13},
  pages={4907--4916},
  year={2010},
  publisher={ACS Publications}
}
@article{klymchenko2014fluorescent,
  title={Fluorescent probes for lipid rafts: from model membranes to living cells},
  author={Klymchenko, Andrey S and Kreder, Remy},
  journal={Chemistry \& biology},
  volume={21},
  number={1},
  pages={97--113},
  year={2014},
  publisher={Elsevier}
}
% Ссылки полимерная инженерия и солнечная энергетика
@article{chen2014eva,
  title={EVA film doped with $\beta$-diketones macromolecular lanthanide complexes: preparation, characterization and application},
  author={Chen, Penghui and Shi, Jingsong and Zhang, Yalan and Wang, Kemin and Nie, Jun},
  journal={European polymer journal},
  volume={58},
  pages={191--200},
  year={2014},
  publisher={Elsevier}
}
@article{de1998novel,
  title={A novel fluorinated Eu (III) $\beta$-diketone complex as thin film for optical device applications},
  author={de S{\'a}, Gilberto F and Alves Jr, Severino and da Silva, Blenio JP and da Silva Jr, Eronides F},
  journal={Optical Materials},
  volume={11},
  number={1},
  pages={23--28},
  year={1998},
  publisher={Elsevier}
}
% Ссылка GAMESS
@article{GAMESS,
title = {Recent developments in the general atomic and molecular electronic structure system},
volume = {152},
issn = {0021-9606, 1089-7690},
url = {http://aip.scitation.org/doi/10.1063/5.0005188},
doi = {10.1063/5.0005188},
language = {en},
number = {15},
urldate = {2020-06-18},
journal = {The Journal of Chemical Physics},
author = {Barca, Giuseppe M. J. and Bertoni, Colleen and Carrington, Laura and Datta, Dipayan and De Silva, Nuwan and Deustua, J. Emiliano and Fedorov, Dmitri G. and Gour, Jeffrey R. and Gunina, Anastasia O. and Guidez, Emilie and Harville, Taylor and Irle, Stephan and Ivanic, Joe and Kowalski, Karol and Leang, Sarom S. and Li, Hui and Li, Wei and Lutz, Jesse J. and Magoulas, Ilias and Mato, Joani and Mironov, Vladimir and Nakata, Hiroya and Pham, Buu Q. and Piecuch, Piotr and Poole, David and Pruitt, Spencer R. and Rendell, Alistair P. and Roskop, Luke B. and Ruedenberg, Klaus and Sattasathuchana, Tosaporn and Schmidt, Michael W. and Shen, Jun and Slipchenko, Lyudmila and Sosonkina, Masha and Sundriyal, Vaibhav and Tiwari, Ananta and Galvez Vallejo, Jorge L. and Westheimer, Bryce and Wloch, Marta and Xu, Peng and Zahariev, Federico and Gordon, Mark S.},
month = apr,
year = {2020},
pages = {154102}
}
% Ссылка GAUSSIAN 16
@misc{g16,
author={M. J. Frisch and G. W. Trucks and H. B. Schlegel and G. E. Scuseria and M. A. Robb and J. R. Cheeseman and G. Scalmani and V. Barone and G. A. Petersson and H. Nakatsuji and X. Li and M. Caricato and A. V. Marenich and J. Bloino and B. G. Janesko and R. Gomperts and B. Mennucci and H. P. Hratchian and J. V. Ortiz and A. F. Izmaylov and J. L. Sonnenberg and D. Williams-Young and F. Ding and F. Lipparini and F. Egidi and J. Goings and B. Peng and A. Petrone and T. Henderson and D. Ranasinghe and V. G. Zakrzewski and J. Gao and N. Rega and G. Zheng and W. Liang and M. Hada and M. Ehara and K. Toyota and R. Fukuda and J. Hasegawa and M. Ishida and T. Nakajima and Y. Honda and O. Kitao and H. Nakai and T. Vreven and K. Throssell and Montgomery, {Jr.}, J. A. and J. E. Peralta and F. Ogliaro and M. J. Bearpark and J. J. Heyd and E. N. Brothers and K. N. Kudin and V. N. Staroverov and T. A. Keith and R. Kobayashi and J. Normand and K. Raghavachari and A. P. Rendell and J. C. Burant and S. S. Iyengar and J. Tomasi and M. Cossi and J. M. Millam and M. Klene and C. Adamo and R. Cammi and J. W. Ochterski and R. L. Martin and K. Morokuma and O. Farkas and J. B. Foresman and D. J. Fox},
title={Gaussian˜16 {R}evision {C}.01},
year={2016},
note={Gaussian Inc. Wallingford CT}
}