
@article{butler2016mechanochromic,
	author = {Butler, Tristan and Morris, William A and Samonina-Kosicka, Jelena and Fraser, Cassandra L},
	journal = {ACS applied materials \& interfaces},
	number = {2},
	pages = {1242–1251},
	publisher = {ACS Publications},
	title = {Mechanochromic luminescence and aggregation induced emission of dinaphthoylmethane $\beta$-diketones and their boronated counterparts},
	volume = {8},
	year = {2016}
}

@article{fedorenko2017new,
	author = {Fedorenko, Elena V and Mirochnik, Anatolii G and Beloliptsev, Anton Yu},
	journal = {Journal of Luminescence},
	pages = {23–33},
	publisher = {Elsevier},
	title = {New polymers containing BF2-benzoylacetonate groups. Synthesis, luminescence, excimer and exciplex formation},
	volume = {185},
	year = {2017}
}

@article{zhang2018reversible,
	author = {Zhang, Ling and Wang, Xin and Zhao, Xiong-Yan},
	journal = {Journal of Luminescence},
	pages = {420–426},
	publisher = {Elsevier},
	title = {The reversible mechanofluorochromic property of an asymmetric diketonate boron complex at room temperature},
	volume = {202},
	year = {2018}
}

@article{guieu2015synthesis,
	author = {Guieu, Samuel and Pinto, Joana and Silva, Vera LM and Rocha, João and Silva, Artur MS},
	journal = {European Journal of Organic Chemistry},
	number = {16},
	pages = {3423–3426},
	publisher = {Wiley Online Library},
	title = {Synthesis, Post-Modification and Fluorescence Properties of Boron Diketonate Complexes},
	volume = {2015},
	year = {2015}
}

@article{wang2015red,
	author = {Wang, Lu and Zhang, Zhenyu and Cheng, Xiao and Ye, Kaiqi and Li, Feng and Wang, Yue and Zhang, Hongyu},
	journal = {Journal of Materials Chemistry C},
	number = {3},
	pages = {499–505},
	publisher = {Royal Society of Chemistry},
	title = {Red emissive diarylboron diketonate crystals: aggregation-induced color change and amplified spontaneous emission},
	volume = {3},
	year = {2015}
}

@article{mamiya2016photochemically,
	author = {Mamiya, Michitaka and Suwa, Yurie and Okamoto, Hideki and Yamaji, Minoru},
	journal = {Photochemical \& Photobiological Sciences},
	number = {7},
	pages = {928–936},
	publisher = {Royal Society of Chemistry},
	title = {Photochemically-assisted synthesis and photophysical properties of difluoroboronated $\beta$-diketones with fused four-benzene-ring chromophores, chrysene and pyrene},
	volume = {15},
	year = {2016}
}

@article{mirochnik2003crystal,
	author = {Mirochnik, AG and Bukvetskii, BV and Gukhman, EV and Karasev, VE},
	journal = {Journal of Fluorescence},
	number = {2},
	pages = {157–162},
	publisher = {Springer},
	title = {Crystal structure and excimer fluorescence of some benzoylacetonatoboron difluorides: stacking factor},
	volume = {13},
	year = {2003}
}

@article{bukvetskii2010crystal,
	author = {Bukvetskii, BV and Fedorenko, EV and Mirochnik, AG and Beloliptsev, A Yu},
	journal = {Journal of Structural Chemistry},
	number = {3},
	pages = {545–551},
	publisher = {Springer},
	title = {Crystal structure of boron difluoride 1-naphthylbutanedionate-1, 3 (C 10 H 7 COCHCOCH 3 BF 2). $\pi$-stacking interaction and luminescence},
	volume = {51},
	year = {2010}
}

@article{chow1995exciplexes,
	author = {Chow, Yuan L and Johansson, Carl I},
	journal = {The Journal of Physical Chemistry},
	number = {49},
	pages = {17558–17565},
	publisher = {ACS Publications},
	title = {Exciplexes of (dibenzoylmethanato) boron/benzenes: the control of exciplex electronic structure},
	volume = {99},
	year = {1995}
}

@article{chow1995exciplex,
	author = {Chow, Yuan L and Johansson, Carl J},
	journal = {The Journal of Physical Chemistry},
	number = {49},
	pages = {17566–17572},
	publisher = {ACS Publications},
	title = {Exciplex binding energy and kinetic rate constants of the interaction between singlet excited state (dibenzoylmethanato) boron difluoride and substituted benzenes},
	volume = {99},
	year = {1995}
}

@article{mirocnik2005obratimyj,
	author = {Мирочник, АГ and Федоренко, ЕВ and Буквецкий, БВ and Карасев, ВЕ},
	journal = {Изв. АН. Сер. хим},
	number = {4},
	pages = {17–19},
	title = {Обратимый люминесцентный термохромизм дибензоилметаната дифторида бора},
	year = {2005}
}

@article{turanova2010liquid,
	author = {Turanova, OA and Garifzyanova, GG and Turanov, AN},
	journal = {Russian Journal of General Chemistry},
	number = {11},
	pages = {2317–2322},
	publisher = {Springer},
	title = {Liquid crystal polymorphism of boron difluoride $\beta$-diketonates},
	volume = {80},
	year = {2010}
}

@article{mayoral2011alkoxy,
	author = {Mayoral, María José and Ovejero, Paloma and Cano, Mercedes and Orellana, Guillermo},
	journal = {Dalton Transactions},
	number = {2},
	pages = {377–383},
	publisher = {Royal Society of Chemistry},
	title = {Alkoxy-substituted difluoroboron benzoylmethanes for photonics applications: A photophysical and spectroscopic study},
	volume = {40},
	year = {2011}
}

@article{sanchez2012liquid,
	author = {Sánchez, Ignacio and Campo, José Antonio and Heras, José Vicente and Cano, Mercedes and Oliveira, Elisabete},
	journal = {Inorganica Chimica Acta},
	pages = {124–136},
	publisher = {Elsevier},
	title = {Liquid crystal behavior induced in highly luminescent unsymmetrical borondifluoride $\beta$-diketonate materials},
	volume = {381},
	year = {2012}
}

@article{giziroglu20141,
	author = {Giziroglu, Emrah and Nesrullajev, Arif and Orhan, Nil},
	journal = {Journal of Molecular Structure},
	pages = {246–253},
	publisher = {Elsevier},
	title = {1, 3-Dimethyl-5-(3, 4, 5-tris (alkoxy) benzoyl) barbituric acid derivatives and their liquid crystalline difluoroboron complexes: synthesis, characterization and comparative investigations of mesomorphic, thermotropic and thermo-morphologic properties},
	volume = {1056},
	year = {2014}
}

@inproceedings{czerney1990german,
	author = {Czerney, P and Haucke, G and Igney, C},
	booktitle = {Chem. Abstr},
	title = {German patent (East) DD/-265266. 1987},
	volume = {112},
	year = {1990}
}

@article{derosa2015tailoring,
	author = {DeRosa, Christopher A and Kerr, Caroline and Fan, Ziyi and Kolpaczynska, Milena and Mathew, Alexander S and Evans, Ruffin E and Zhang, Guoqing and Fraser, Cassandra L},
	journal = {ACS applied materials \& interfaces},
	number = {42},
	pages = {23633–23643},
	publisher = {ACS Publications},
	title = {Tailoring oxygen sensitivity with halide substitution in difluoroboron dibenzoylmethane polylactide materials},
	volume = {7},
	year = {2015}
}

@article{daly2016blue,
	author = {Daly, Margaret L and DeRosa, Christopher A and Kerr, Caroline and Morris, William A and Fraser, Cassandra L},
	journal = {RSC advances},
	number = {85},
	pages = {81631–81635},
	publisher = {Royal Society of Chemistry},
	title = {Blue thermally activated delayed fluorescence from a biphenyl difluoroboron $\beta$-diketonate},
	volume = {6},
	year = {2016}
}

@article{zhai2016nanofibers,
	author = {Zhai, Lu and Liu, Mingyang and Xue, Pengchong and Sun, Jingbo and Gong, Peng and Zhang, Zhenqi and Sun, Jiabao and Lu, Ran},
	journal = {Journal of Materials Chemistry C},
	number = {34},
	pages = {7939–7947},
	publisher = {Royal Society of Chemistry},
	title = {Nanofibers generated from nonclassical organogelators based on difluoroboron $\beta$-diketonate complexes to detect aliphatic primary amine vapors},
	volume = {4},
	year = {2016}
}

@misc{fraser2018oxygen,
	author = {Fraser, Cassandra L and Demas, James N and Peirce-Cottler, Shayn and Matthew, Alexander and Derosa, Christopher and Seaman, Scott},
	note = {US Patent App. 16/060,761},
	publisher = {Google Patents},
	title = {Oxygen sensing difluoroboron b-diketonate polylactide materials for wound imaging},
	year = {2018}
}

@article{samonina2015luminescent,
	author = {Samonina-Kosicka, Jelena and Weitzel, Douglas H and Hofmann, Christina L and Hendargo, Hansford and Hanna, Gabi and Dewhirst, Mark W and Palmer, Gregory M and Fraser, Cassandra L},
	journal = {Macromolecular rapid communications},
	number = {7},
	pages = {694–699},
	publisher = {Wiley Online Library},
	title = {Luminescent Difluoroboron $\beta$-Diketonate PEG-PLA Oxygen Nanosensors for Tumor Imaging},
	volume = {36},
	year = {2015}
}

@inproceedings{halik2003german,
	author = {Halik, M and Schmid, G and Davis, L},
	booktitle = {Chem. Abstr},
	title = {German patent 10152938},
	volume = {123},
	year = {2003}
}

@article{kammler1996second,
	author = {Kammler, Rainer and Bourhill, Grant and Jin, Yiwen and Bräuchle, Christoph and Görlitz, Gunter and Hartmann, Horst},
	journal = {Journal of the Chemical Society, Faraday Transactions},
	number = {6},
	pages = {945–947},
	publisher = {Royal Society of Chemistry},
	title = {Second-order optical non-linearity of new 1, 3, 2 (2 H)-dioxaborine dyes},
	volume = {92},
	year = {1996}
}

@article{tanaka2013facile,
	author = {Tanaka, Kazuo and Tamashima, Kenji and Nagai, Atsushi and Okawa, Toshifumi and Chujo, Yoshiki},
	journal = {Macromolecules},
	number = {8},
	pages = {2969–2975},
	publisher = {ACS Publications},
	title = {Facile modulation of optical properties of diketonate-containing polymers by regulating complexation ratios with boron},
	volume = {46},
	year = {2013}
}

@article{zhang2009role,
	author = {Zhang, Guoqing and Evans, Ruffin E and Campbell, Kirsti A and Fraser, Cassandra L},
	journal = {Macromolecules},
	number = {22},
	pages = {8627–8633},
	publisher = {ACS Publications},
	title = {Role of boron in the polymer chemistry and photophysical properties of difluoroboron- dibenzoylmethane polylactide},
	volume = {42},
	year = {2009}
}

@article{krauklis2007stacionarnaa,
	author = {Крауклис, ИВ and Маслов, ВГ and Чижов, ЮВ},
	publisher = {[б. и.]},
	title = {Стационарная и нестационарная теория функционала плотности в применении к задачам прикладной нанофотоники},
	year = {2007}
}

@article{hohenberg1964inhomogeneous,
	author = {Hohenberg, Pierre and Kohn, Walter},
	journal = {Physical review},
	number = {3B},
	pages = {B864},
	publisher = {APS},
	title = {Inhomogeneous electron gas},
	volume = {136},
	year = {1964}
}

@article{kon2002elektronnaa,
	author = {Кон, Вальтер},
	journal = {Успехи физических наук},
	number = {3},
	pages = {336–348},
	publisher = {Российская академия наук, Отделение физических наук},
	title = {Электронная структура вещества—волновые функции и функционалы плотности},
	volume = {172},
	year = {2002}
}

@article{slater1951simplification,
	author = {Slater, John C},
	journal = {Physical review},
	number = {3},
	pages = {385},
	publisher = {APS},
	title = {A simplification of the Hartree-Fock method},
	volume = {81},
	year = {1951}
}

@manual{CDC,
	title = {https://www.ccdc.cam.ac.uk/solutions/csd-system/components/csd/}
}

@article{tikhonov2018electronic,
	author = {Tikhonov, Sergey A and Svistunova, Irina V and Samoilov, Ilya S and Osmushko, Ivan S and Borisenko, Aleksandr V and Vovna, Vitaliy I},
	journal = {Journal of Molecular Structure},
	pages = {92–100},
	publisher = {Elsevier},
	title = {Electronic structure of binuclear acetylacetonates of boron difluoride},
	volume = {1160},
	year = {2018}
}

@article{borisenko1987korot,
	author = {Борисенко, АВ and Вовна, ВИ and Горчаков, ВВ},
	journal = {Журн. структур. химии},
	number = {1},
	pages = {147},
	title = {Фотоэлектронные спектры и электронное строение некоторых $\beta-$дикетонатов дифторида бора},
	volume = {28},
	year = {1987}
}

@article{jacquemin20150,
	author = {Jacquemin, Denis and Duchemin, Ivan and Blase, Xavier},
	journal = {Journal of chemical theory and computation},
	number = {11},
	pages = {5340–5359},
	publisher = {ACS Publications},
	title = {0–0 energies using hybrid schemes: Benchmarks of TD-DFT, CIS (D), ADC (2), CC2, and BSE/GW formalisms for 80 real-life compounds},
	volume = {11},
	year = {2015}
}

@article{svistunova2008alpha,
	author = {Svistunova, IV and Fedorenko, EV},
	journal = {Russian Journal of General Chemistry},
	number = {8},
	pages = {1515–1523},
	publisher = {Springer},
	title = {$\alpha$-substituted boron difluoride acetylacetonates},
	volume = {78},
	year = {2008}
}

@book{nefedov1987elektronnaa,
	author = {Нефедов, Вадим Иванович and Вовна, Виталий Иванович and Барановский, ИБ},
	publisher = {Наука},
	title = {Электронная структура химических соединений},
	year = {1987}
}

@book{nefedov1989elektronnaa,
	author = {Нефедов, Вадим Иванович and Вовна, Виталий Иванович},
	publisher = {Наука},
	title = {Электронная структура органических и элементоорганических соединений},
	year = {1989}
}

@article{osmushko2016application,
	author = {Osmushko, Ivan S and Vovna, Vitaliy I and Tikhonov, Sergey A and Chizhov, Yuriy V and Krauklis, Irina V},
	journal = {International Journal of Quantum Chemistry},
	number = {4},
	pages = {325–332},
	publisher = {Wiley Online Library},
	title = {Application of DFT for the modeling of the valence region photoelectron spectra of boron and d-element complexes and macromolecules},
	volume = {116},
	year = {2016}
}

@book{karasev2006fotofizika,
	author = {Карасев, ВЕ and Мирочник, АГ and Федоренко, ЕВ},
	publisher = {Дальнаука Владивосток},
	title = {Фотофизика и фотохимия В-дикетонатов дифторида бора},
	year = {2006}
}

@article{kazachek2015excited,
	author = {Kazachek, MV and Svistunova, IV},
	journal = {Spectrochimica Acta Part A: Molecular and Biomolecular Spectroscopy},
	pages = {60–65},
	publisher = {Elsevier},
	title = {Excited states and absorption spectra of 2-$\beta$-diketonato-1, 3, 2-benzodioxaborol with aromatic substituents: Quantum-chemistry modeling},
	volume = {148},
	year = {2015}
}

@article{margar2016fluorescent,
	author = {Margar, Sachin N and Rhyman, Lydia and Ramasami, Ponnadurai and Sekar, Nagaiyan},
	journal = {Spectrochimica Acta Part A: Molecular and Biomolecular Spectroscopy},
	pages = {241–251},
	publisher = {Elsevier},
	title = {Fluorescent difluoroboron-curcumin analogs: an investigation of the electronic structures and photophysical properties},
	volume = {152},
	year = {2016}
}

@article{ponce2018searching,
	author = {Ponce-Vargas, Miguel and Štefane, Bogdan and Zaborova, Elena and Fages, Frédéric and D'Aléo, Anthony and Jacquemin, Denis and {Le Guennic}, Boris},
	journal = {Dyes and Pigments},
	pages = {59–67},
	publisher = {Elsevier},
	title = {Searching for new borondifluoride $\beta$-diketonate complexes with enhanced absorption/emission properties using ab initio tools},
	volume = {155},
	year = {2018}
}

@article{trofimov2005photoelectron,
	author = {Trofimov, AB and Schirmer, J and Kobychev, VB and Potts, AW and Holland, DMP and Karlsson, Leif},
	journal = {Journal of Physics B: Atomic, Molecular and Optical Physics},
	number = {2},
	pages = {305},
	publisher = {IOP Publishing},
	title = {Photoelectron spectra of the nucleobases cytosine, thymine and adenine},
	volume = {39},
	year = {2005}
}

@article{d'uar1972teoria,
	author = {Дьюар, М and Дяткина, МЕ and Дяткина, МЕ},
	publisher = {Мир М.},
	title = {Теория молекулярных орбиталей в органической химии},
	year = {1972}
}

@article{vovna1975fotoelektronnaa,
	author = {Вовна, ВИ and Вилесов, ФИ},
	journal = {Успехи фотоники.–Ленинград: Из-во ЛГУ},
	number = {5},
	pages = {3–149},
	title = {Фотоэлектронная спектроскопия свободных молекул. Структура и взаимодействие молекулярных орбиталей},
	year = {1975}
}

@article{krauklis2007stacionarnaa-2,
	author = {Крауклис, ИВ and Маслов, ВГ and Чижов, ЮВ},
	publisher = {Издательский Центр {\guillemotleft}Академия{\guillemotright}},
	title = {Стационарная и нестационарная теория функционала плотности в применении к задачам прикладной нанофотоники},
	year = {2007}
}

@article{guan1993comparison,
	author = {Guan, Jingang and Duffy, Patrick and Carter, Jonathan T and Chong, Delano P and Casida, Kim C and Casida, Mark E and Wrinn, Michael},
	journal = {The Journal of chemical physics},
	number = {6},
	pages = {4753–4765},
	publisher = {AIP},
	title = {Comparison of local-density and Hartree–Fock calculations of molecular polarizabilities and hyperpolarizabilities},
	volume = {98},
	year = {1993}
}

@article{vovna2011fotoelektronnye,
	author = {Вовна, ВИ and Тихонов, СА and Львов, ИБ},
	journal = {Журнал физической химии},
	number = {11},
	pages = {2082–2088},
	publisher = {Федеральное государственное бюджетное учреждение" Российская академия наук"},
	title = {Фотоэлектронные спектры и электронная структура ацетилацетоната, бензоилацетоната дифторида бора и его производных},
	volume = {85},
	year = {2011}
}

@article{hamel2002kohn,
	author = {Hamel, Sebastien and Duffy, Patrick and Casida, Mark E and Salahub, Dennis R},
	journal = {Journal of electron spectroscopy and related phenomena},
	number = {2-3},
	pages = {345–363},
	publisher = {Elsevier},
	title = {Kohn–Sham orbitals and orbital energies: fictitious constructs but good approximations all the same},
	volume = {123},
	year = {2002}
}

@book{economou1983green,
	author = {Economou, Eleftherios N},
	publisher = {Springer},
	title = {Green's functions in quantum physics},
	volume = {3},
	year = {1983}
}

@article{cizov2009molekularnaa,
	author = {Чижов, Юрий Владимирович},
	journal = {Уфа: ИФМК УНЦ РАН},
	title = {Молекулярная фотоэлектронная спектроскопия и расчеты методом теории функционала плотности $\pi$-комплексов хрома и железа: Дис.… докт. физ.-мат. наук},
	year = {2009}
}

@article{fedorenko2014s2,
	author = {Fedorenko, Elena V and Mirochnik, Anatoliy G and Beloliptsev, Anton Yu and Isakov, Vladimir V},
	journal = {Dyes and Pigments},
	pages = {181–188},
	publisher = {Elsevier},
	title = {(S2→ S0) and (S1→ S0) luminescence of dimethylaminostyryl-$\beta$-Diketonates of boron difluoride},
	volume = {109},
	year = {2014}
}

@article{vovna2012vozbuzdennye,
	author = {Вовна, ВИ and Казачек, МВ and Львов, ИБ},
	journal = {Оптика и спектроскопия},
	number = {4},
	pages = {545–545},
	publisher = {Федеральное государственное унитарное предприятие Академический научно~…},
	title = {ВОЗБУЖДЕННЫЕ СОСТОЯНИЯ И СПЕКТРЫ ПОГЛОЩЕНИЯ?-ДИКЕТОНАТНЫХ КОМПЛЕКСОВ ДИФТОРИДА БОРА С АРОМАТИЧЕСКИМИ ЗАМЕСТИТЕЛЯМИ},
	volume = {112},
	year = {2012}
}

@article{fedorenko2016nitrogen,
	author = {Fedorenko, Elena V and Тretyakova, Galina O and Mirochnik, Anatolii G and Beloliptsev, Anton Yu and Svistunova, Irina V and Sazhnikov, Viacheslav A and Atabekyan, Levon S},
	journal = {Journal of fluorescence},
	number = {5},
	pages = {1839–1847},
	publisher = {Springer},
	title = {Nitrogen-containing analog of dibenzoylmethanate of boron difluoride: luminescence, structure, quantum chemical modeling, and delay fluorescence},
	volume = {26},
	year = {2016}
}

@article{svistunova2008alpha-2,
	author = {Svistunova, IV and Fedorenko, EV},
	journal = {Russian Journal of General Chemistry},
	number = {8},
	pages = {1515–1523},
	publisher = {Springer},
	title = {$\alpha$-substituted boron difluoride acetylacetonates},
	volume = {78},
	year = {2008}
}

@article{vovna2012excited,
	author = {Vovna, VI and Kazachek, MV and L’vov, IB},
	journal = {Optics and Spectroscopy},
	number = {4},
	pages = {497–505},
	publisher = {Springer},
	title = {Excited states and absorption spectra of $\beta$-diketonate complexes of boron difluoride with aromatic substituents},
	volume = {112},
	year = {2012}
}

@article{li2008dft,
	author = {Li, Xiaona and Liu, Xiaojuan and Wu, Zhijian and Zhang, Hongjie},
	journal = {The Journal of Physical Chemistry A},
	number = {44},
	pages = {11190–11197},
	publisher = {ACS Publications},
	title = {DFT/TDDFT studies on the electronic structures and spectral properties of rhenium (I) pyridinybenzoimidazole complexes},
	volume = {112},
	year = {2008}
}

@article{rivoal2016synthesis,
	author = {Rivoal, Morgane and Zaborova, Elena and Canard, Gabriel and D'Aléo, Anthony and Fages, Frédéric},
	journal = {New Journal of Chemistry},
	number = {2},
	pages = {1297–1305},
	publisher = {Royal Society of Chemistry},
	title = {Synthesis, electrochemical and photophysical studies of the borondifluoride complex of a meta-linked biscurcuminoid},
	volume = {40},
	year = {2016}
}

@inproceedings{vilesov1961raspredelenie,
	author = {Вилесов, Федор Иванович and Курбатов, Б Л and Теренин, Александр Николаевич},
	booktitle = {Доклады Академии наук},
	number = {6},
	organization = {Российская академия наук},
	pages = {1329–1332},
	title = {Распределение электронов по энергиям при фотоионизации ароматических аминов в газовой фазе},
	volume = {138},
	year = {1961}
}

@article{turner1962determination,
	author = {Turner, D Wo and Jobory, MI Al},
	journal = {The Journal of Chemical Physics},
	number = {12},
	pages = {3007–3008},
	publisher = {AIP},
	title = {Determination of ionization potentials by photoelectron energy measurement},
	volume = {37},
	year = {1962}
}

@book{vovna1991elektronnaa,
	author = {Вовна, Виталий Иванович},
	publisher = {Наука},
	title = {Электронная структура органических соединений по данным фотоэлектронной спектроскопии},
	year = {1991}
}

@book{zanderna1979metody,
	author = {Зандерна, А and Кораблев, В В and Петров, Н Н},
	publisher = {Мир},
	title = {Методы анализа поверхностей: Пер. с англ},
	year = {1979}
}

@article{richards1969use,
	author = {Richards, WG},
	journal = {International Journal of Mass Spectrometry and Ion Physics},
	number = {6},
	pages = {419–424},
	publisher = {Elsevier},
	title = {The use of Koopmans' Theorem in the interpretation of photoelectron spectra},
	volume = {2},
	year = {1969}
}